%YAML 1.1
%TAG !u! tag:unity3d.com,2011:
--- !u!1 &6481291695200954017
GameObject:
  m_ObjectHideFlags: 0
  m_CorrespondingSourceObject: {fileID: 0}
  m_PrefabInstance: {fileID: 0}
  m_PrefabAsset: {fileID: 0}
  serializedVersion: 6
  m_Component:
  - component: {fileID: 6481291695200954022}
  - component: {fileID: 6481291695200954023}
  m_Layer: 0
  m_Name: Punch
  m_TagString: Untagged
  m_Icon: {fileID: 0}
  m_NavMeshLayer: 0
  m_StaticEditorFlags: 0
  m_IsActive: 1
--- !u!4 &6481291695200954022
Transform:
  m_ObjectHideFlags: 0
  m_CorrespondingSourceObject: {fileID: 0}
  m_PrefabInstance: {fileID: 0}
  m_PrefabAsset: {fileID: 0}
  m_GameObject: {fileID: 6481291695200954017}
  m_LocalRotation: {x: 0, y: 0, z: 0, w: 1}
  m_LocalPosition: {x: 0, y: 0, z: 0}
  m_LocalScale: {x: 1, y: 1, z: 1}
  m_Children: []
  m_Father: {fileID: 6481291696907445095}
  m_RootOrder: 0
  m_LocalEulerAnglesHint: {x: 0, y: 0, z: 0}
--- !u!82 &6481291695200954023
AudioSource:
  m_ObjectHideFlags: 0
  m_CorrespondingSourceObject: {fileID: 0}
  m_PrefabInstance: {fileID: 0}
  m_PrefabAsset: {fileID: 0}
  m_GameObject: {fileID: 6481291695200954017}
  m_Enabled: 1
  serializedVersion: 4
  OutputAudioMixerGroup: {fileID: 0}
  m_audioClip: {fileID: 8300000, guid: a360bb2499f53ec4b8f1f3540b603917, type: 3}
  m_PlayOnAwake: 0
  m_Volume: 1
  m_Pitch: 1
  Loop: 0
  Mute: 0
  Spatialize: 0
  SpatializePostEffects: 0
  Priority: 55
  DopplerLevel: 1
  MinDistance: 1
  MaxDistance: 500
  Pan2D: 0
  rolloffMode: 0
  BypassEffects: 0
  BypassListenerEffects: 0
  BypassReverbZones: 0
  rolloffCustomCurve:
    serializedVersion: 2
    m_Curve:
    - serializedVersion: 3
      time: 0
      value: 1
      inSlope: 0
      outSlope: 0
      tangentMode: 0
      weightedMode: 0
      inWeight: 0.33333334
      outWeight: 0.33333334
    - serializedVersion: 3
      time: 1
      value: 0
      inSlope: 0
      outSlope: 0
      tangentMode: 0
      weightedMode: 0
      inWeight: 0.33333334
      outWeight: 0.33333334
    m_PreInfinity: 2
    m_PostInfinity: 2
    m_RotationOrder: 4
  panLevelCustomCurve:
    serializedVersion: 2
    m_Curve:
    - serializedVersion: 3
      time: 0
      value: 0
      inSlope: 0
      outSlope: 0
      tangentMode: 0
      weightedMode: 0
      inWeight: 0.33333334
      outWeight: 0.33333334
    m_PreInfinity: 2
    m_PostInfinity: 2
    m_RotationOrder: 4
  spreadCustomCurve:
    serializedVersion: 2
    m_Curve:
    - serializedVersion: 3
      time: 0
      value: 0
      inSlope: 0
      outSlope: 0
      tangentMode: 0
      weightedMode: 0
      inWeight: 0.33333334
      outWeight: 0.33333334
    m_PreInfinity: 2
    m_PostInfinity: 2
    m_RotationOrder: 4
  reverbZoneMixCustomCurve:
    serializedVersion: 2
    m_Curve:
    - serializedVersion: 3
      time: 0
      value: 1
      inSlope: 0
      outSlope: 0
      tangentMode: 0
      weightedMode: 0
      inWeight: 0.33333334
      outWeight: 0.33333334
    m_PreInfinity: 2
    m_PostInfinity: 2
    m_RotationOrder: 4
--- !u!1 &6481291695647151226
GameObject:
  m_ObjectHideFlags: 0
  m_CorrespondingSourceObject: {fileID: 0}
  m_PrefabInstance: {fileID: 0}
  m_PrefabAsset: {fileID: 0}
  serializedVersion: 6
  m_Component:
  - component: {fileID: 6481291695647151227}
  - component: {fileID: 6481291695647151224}
  m_Layer: 0
  m_Name: Voice
  m_TagString: Untagged
  m_Icon: {fileID: 0}
  m_NavMeshLayer: 0
  m_StaticEditorFlags: 0
  m_IsActive: 1
--- !u!4 &6481291695647151227
Transform:
  m_ObjectHideFlags: 0
  m_CorrespondingSourceObject: {fileID: 0}
  m_PrefabInstance: {fileID: 0}
  m_PrefabAsset: {fileID: 0}
  m_GameObject: {fileID: 6481291695647151226}
  m_LocalRotation: {x: 0, y: 0, z: 0, w: 1}
  m_LocalPosition: {x: 0, y: 0, z: 0}
  m_LocalScale: {x: 1, y: 1, z: 1}
  m_Children: []
  m_Father: {fileID: 6481291696907445095}
  m_RootOrder: 2
  m_LocalEulerAnglesHint: {x: 0, y: 0, z: 0}
--- !u!82 &6481291695647151224
AudioSource:
  m_ObjectHideFlags: 0
  m_CorrespondingSourceObject: {fileID: 0}
  m_PrefabInstance: {fileID: 0}
  m_PrefabAsset: {fileID: 0}
  m_GameObject: {fileID: 6481291695647151226}
  m_Enabled: 1
  serializedVersion: 4
  OutputAudioMixerGroup: {fileID: 0}
  m_audioClip: {fileID: 8300000, guid: 9a08fb7f3536da447b38ba7d0108022f, type: 3}
  m_PlayOnAwake: 0
  m_Volume: 1
  m_Pitch: 1
  Loop: 0
  Mute: 0
  Spatialize: 0
  SpatializePostEffects: 0
  Priority: 18
  DopplerLevel: 1
  MinDistance: 1
  MaxDistance: 500
  Pan2D: 0
  rolloffMode: 0
  BypassEffects: 0
  BypassListenerEffects: 0
  BypassReverbZones: 0
  rolloffCustomCurve:
    serializedVersion: 2
    m_Curve:
    - serializedVersion: 3
      time: 0
      value: 1
      inSlope: 0
      outSlope: 0
      tangentMode: 0
      weightedMode: 0
      inWeight: 0.33333334
      outWeight: 0.33333334
    - serializedVersion: 3
      time: 1
      value: 0
      inSlope: 0
      outSlope: 0
      tangentMode: 0
      weightedMode: 0
      inWeight: 0.33333334
      outWeight: 0.33333334
    m_PreInfinity: 2
    m_PostInfinity: 2
    m_RotationOrder: 4
  panLevelCustomCurve:
    serializedVersion: 2
    m_Curve:
    - serializedVersion: 3
      time: 0
      value: 0
      inSlope: 0
      outSlope: 0
      tangentMode: 0
      weightedMode: 0
      inWeight: 0.33333334
      outWeight: 0.33333334
    m_PreInfinity: 2
    m_PostInfinity: 2
    m_RotationOrder: 4
  spreadCustomCurve:
    serializedVersion: 2
    m_Curve:
    - serializedVersion: 3
      time: 0
      value: 0
      inSlope: 0
      outSlope: 0
      tangentMode: 0
      weightedMode: 0
      inWeight: 0.33333334
      outWeight: 0.33333334
    m_PreInfinity: 2
    m_PostInfinity: 2
    m_RotationOrder: 4
  reverbZoneMixCustomCurve:
    serializedVersion: 2
    m_Curve:
    - serializedVersion: 3
      time: 0
      value: 1
      inSlope: 0
      outSlope: 0
      tangentMode: 0
      weightedMode: 0
      inWeight: 0.33333334
      outWeight: 0.33333334
    m_PreInfinity: 2
    m_PostInfinity: 2
    m_RotationOrder: 4
--- !u!1 &6481291696630537635
GameObject:
  m_ObjectHideFlags: 0
  m_CorrespondingSourceObject: {fileID: 0}
  m_PrefabInstance: {fileID: 0}
  m_PrefabAsset: {fileID: 0}
  serializedVersion: 6
  m_Component:
  - component: {fileID: 6481291696630537632}
  - component: {fileID: 6481291696630537633}
  m_Layer: 0
  m_Name: Woosh
  m_TagString: Untagged
  m_Icon: {fileID: 0}
  m_NavMeshLayer: 0
  m_StaticEditorFlags: 0
  m_IsActive: 1
--- !u!4 &6481291696630537632
Transform:
  m_ObjectHideFlags: 0
  m_CorrespondingSourceObject: {fileID: 0}
  m_PrefabInstance: {fileID: 0}
  m_PrefabAsset: {fileID: 0}
  m_GameObject: {fileID: 6481291696630537635}
  m_LocalRotation: {x: 0, y: 0, z: 0, w: 1}
  m_LocalPosition: {x: 0, y: 0, z: 0}
  m_LocalScale: {x: 1, y: 1, z: 1}
  m_Children: []
  m_Father: {fileID: 6481291696907445095}
  m_RootOrder: 1
  m_LocalEulerAnglesHint: {x: 0, y: 0, z: 0}
--- !u!82 &6481291696630537633
AudioSource:
  m_ObjectHideFlags: 0
  m_CorrespondingSourceObject: {fileID: 0}
  m_PrefabInstance: {fileID: 0}
  m_PrefabAsset: {fileID: 0}
  m_GameObject: {fileID: 6481291696630537635}
  m_Enabled: 1
  serializedVersion: 4
  OutputAudioMixerGroup: {fileID: 0}
  m_audioClip: {fileID: 8300000, guid: 24b3e54db42c69b4aa23b83a1031788c, type: 3}
  m_PlayOnAwake: 0
  m_Volume: 1
  m_Pitch: 1
  Loop: 0
  Mute: 0
  Spatialize: 0
  SpatializePostEffects: 0
  Priority: 89
  DopplerLevel: 1
  MinDistance: 1
  MaxDistance: 500
  Pan2D: 0
  rolloffMode: 0
  BypassEffects: 0
  BypassListenerEffects: 0
  BypassReverbZones: 0
  rolloffCustomCurve:
    serializedVersion: 2
    m_Curve:
    - serializedVersion: 3
      time: 0
      value: 1
      inSlope: 0
      outSlope: 0
      tangentMode: 0
      weightedMode: 0
      inWeight: 0.33333334
      outWeight: 0.33333334
    - serializedVersion: 3
      time: 1
      value: 0
      inSlope: 0
      outSlope: 0
      tangentMode: 0
      weightedMode: 0
      inWeight: 0.33333334
      outWeight: 0.33333334
    m_PreInfinity: 2
    m_PostInfinity: 2
    m_RotationOrder: 4
  panLevelCustomCurve:
    serializedVersion: 2
    m_Curve:
    - serializedVersion: 3
      time: 0
      value: 0
      inSlope: 0
      outSlope: 0
      tangentMode: 0
      weightedMode: 0
      inWeight: 0.33333334
      outWeight: 0.33333334
    m_PreInfinity: 2
    m_PostInfinity: 2
    m_RotationOrder: 4
  spreadCustomCurve:
    serializedVersion: 2
    m_Curve:
    - serializedVersion: 3
      time: 0
      value: 0
      inSlope: 0
      outSlope: 0
      tangentMode: 0
      weightedMode: 0
      inWeight: 0.33333334
      outWeight: 0.33333334
    m_PreInfinity: 2
    m_PostInfinity: 2
    m_RotationOrder: 4
  reverbZoneMixCustomCurve:
    serializedVersion: 2
    m_Curve:
    - serializedVersion: 3
      time: 0
      value: 1
      inSlope: 0
      outSlope: 0
      tangentMode: 0
      weightedMode: 0
      inWeight: 0.33333334
      outWeight: 0.33333334
    m_PreInfinity: 2
    m_PostInfinity: 2
    m_RotationOrder: 4
--- !u!1 &6481291696907445094
GameObject:
  m_ObjectHideFlags: 0
  m_CorrespondingSourceObject: {fileID: 0}
  m_PrefabInstance: {fileID: 0}
  m_PrefabAsset: {fileID: 0}
  serializedVersion: 6
  m_Component:
  - component: {fileID: 6481291696907445095}
  - component: {fileID: 6481291696907445092}
  m_Layer: 0
  m_Name: Sfx
  m_TagString: Untagged
  m_Icon: {fileID: 0}
  m_NavMeshLayer: 0
  m_StaticEditorFlags: 0
  m_IsActive: 1
--- !u!4 &6481291696907445095
Transform:
  m_ObjectHideFlags: 0
  m_CorrespondingSourceObject: {fileID: 0}
  m_PrefabInstance: {fileID: 0}
  m_PrefabAsset: {fileID: 0}
  m_GameObject: {fileID: 6481291696907445094}
  m_LocalRotation: {x: -0, y: -0, z: -0, w: 1}
  m_LocalPosition: {x: 0, y: 0, z: 0}
  m_LocalScale: {x: 1, y: 1, z: 1}
  m_Children:
  - {fileID: 6481291695200954022}
  - {fileID: 6481291696630537632}
  - {fileID: 6481291695647151227}
  m_Father: {fileID: 0}
  m_RootOrder: 0
  m_LocalEulerAnglesHint: {x: 0, y: 0, z: 0}
--- !u!114 &6481291696907445092
MonoBehaviour:
  m_ObjectHideFlags: 0
  m_CorrespondingSourceObject: {fileID: 0}
  m_PrefabInstance: {fileID: 0}
  m_PrefabAsset: {fileID: 0}
  m_GameObject: {fileID: 6481291696907445094}
  m_Enabled: 1
  m_EditorHideFlags: 0
  m_Script: {fileID: 11500000, guid: e401b32fbdc15e34d8f2ce23493de539, type: 3}
  m_Name: 
  m_EditorClassIdentifier: 
  PunchSource: {fileID: 6481291695200954023}
  WooshSource: {fileID: 6481291696630537633}
  VoiceSource: {fileID: 6481291695647151224}
  Libraries:
  - ClipType: 0
    Clips:
    - {fileID: 8300000, guid: 5324a3f64f9ce034aaad70b510c14c7f, type: 3}
    - {fileID: 8300000, guid: 09f0ca9f5212a1d499d1a82ba6dd831c, type: 3}
    - {fileID: 8300000, guid: a360bb2499f53ec4b8f1f3540b603917, type: 3}
    - {fileID: 8300000, guid: e3cdd5f05656dad4383185a354db596a, type: 3}
    - {fileID: 8300000, guid: 3bd6abc4e8d6f544f8c3a7c473efd1e3, type: 3}
    - {fileID: 8300000, guid: db77806e87a51614c9a7e861dcd2d657, type: 3}
    - {fileID: 8300000, guid: 2b29203d87372374c9c6f9049ad821ea, type: 3}
    - {fileID: 8300000, guid: 68003637875958746a554ef585f5346c, type: 3}
    - {fileID: 8300000, guid: 1fdf8c4e22f20554590db4fa0552f00e, type: 3}
    - {fileID: 8300000, guid: 19738c1412fe2994295fc19b5ede5502, type: 3}
    - {fileID: 8300000, guid: 3004df9494493b4449aaaa4c6c1f1e02, type: 3}
    - {fileID: 8300000, guid: 9c01f9f69c100a546a98df77d9bf6016, type: 3}
    - {fileID: 8300000, guid: 72660bd62998654409c706f3e2f13bbd, type: 3}
  - ClipType: 1
    Clips:
    - {fileID: 8300000, guid: fdd6bf6f509cf9342b2874c0ca7a0857, type: 3}
    - {fileID: 8300000, guid: f31fe614ba446784fa4da1135349aa17, type: 3}
    - {fileID: 8300000, guid: 24b3e54db42c69b4aa23b83a1031788c, type: 3}
    - {fileID: 8300000, guid: 5db2f2a0098c1c04e82baaa3714a2d0c, type: 3}
    - {fileID: 8300000, guid: 4037749fa8618c346b7be42d397964ce, type: 3}
    - {fileID: 8300000, guid: cd6f3043d74502042948b567938a60b0, type: 3}
    - {fileID: 8300000, guid: 38fa629de4485934fb14db0fed5bd49b, type: 3}
    - {fileID: 8300000, guid: 90d073e80a9a96440a75e7dbb0d5197f, type: 3}
    - {fileID: 8300000, guid: a6552ab5e56583240a1744f2037bf081, type: 3}
    - {fileID: 8300000, guid: 8fbf16f117df0984f9804f9224d72106, type: 3}
    - {fileID: 8300000, guid: 64a1a775886fb50419222bc2b0b2e65b, type: 3}
    - {fileID: 8300000, guid: e4c898ec25e04f041a56adc13f25a5e2, type: 3}
  - ClipType: 2
    Clips:
    - {fileID: 8300000, guid: 5acd6fc124f779346ae349fb8867d779, type: 3}
    - {fileID: 8300000, guid: 15d1e8aeb66bf864db210baaa471e1ac, type: 3}
    - {fileID: 8300000, guid: 32cfade106efa1441a41be35f3754fa1, type: 3}
    - {fileID: 8300000, guid: b6ba02bd3ad335146948f2ec4343e683, type: 3}
    - {fileID: 8300000, guid: 9f57d2bdd96b94144b13c71fb9d8532f, type: 3}
    - {fileID: 8300000, guid: 2b68e7dba151bc24a81079cd78d5e503, type: 3}
    - {fileID: 8300000, guid: 8308f430ed00cc847b2fc466ebfae92b, type: 3}
    - {fileID: 8300000, guid: 9e7331290892dd04bae27d1e4c3d4fd7, type: 3}
    - {fileID: 8300000, guid: 17e849b9b9e77ae4a9f941499f6200f3, type: 3}
    - {fileID: 8300000, guid: c702700088fcef4498a0455998705ccc, type: 3}
    - {fileID: 8300000, guid: 638ff77e4912a17479f574b5a832122c, type: 3}
    - {fileID: 8300000, guid: 08ea5600bd040da4d8770dc77607bb39, type: 3}
    - {fileID: 8300000, guid: 380c234ad6277e14b871c5f8216d7d26, type: 3}
    - {fileID: 8300000, guid: 492681bdc7b3c114693394d6aa4ac9f8, type: 3}
    - {fileID: 8300000, guid: 3361306b4bbfe8a40978e8967cbb5cb5, type: 3}
    - {fileID: 8300000, guid: 2a9cf57a2c2787d43973f623b7e3983a, type: 3}
    - {fileID: 8300000, guid: d0f4fc23408c77e48ab1a7d4275c2926, type: 3}
    - {fileID: 8300000, guid: f0933efbb564a8a45807179ef0be543b, type: 3}
    - {fileID: 8300000, guid: 0ffcbb86e20a1854cb7ddb309e4fb129, type: 3}
    - {fileID: 8300000, guid: 937e2ed3289685b438f4cb9a90855f6e, type: 3}
    - {fileID: 8300000, guid: 0f13e2b6c510eb243b2815090096a4aa, type: 3}
    - {fileID: 8300000, guid: d10a7533386f746498f2983dcac7a009, type: 3}
    - {fileID: 8300000, guid: 90aa6ef188a744840b705c8a21f9cef3, type: 3}
    - {fileID: 8300000, guid: 337d4dde5d02060448ab20dac1f5bb08, type: 3}
    - {fileID: 8300000, guid: 1971cfe3854c947459e7d3bc6bfaf917, type: 3}
    - {fileID: 8300000, guid: c2111611a9e367845b2db4b9e6f7c072, type: 3}
    - {fileID: 8300000, guid: 4b072f4930214ee4e8626d58d4957b15, type: 3}
  - ClipType: 3
    Clips:
    - {fileID: 8300000, guid: 920c4f56334de6c42bdfb3cf7c977833, type: 3}
    - {fileID: 8300000, guid: 9e571c7c25ef6864fbd4ebec1bc9bf6a, type: 3}
    - {fileID: 8300000, guid: 362caaaa94b4c6e498b1a33e1ef13f6c, type: 3}
    - {fileID: 8300000, guid: 9dc3ddb313a08da4aab9e58dbd793fe4, type: 3}
    - {fileID: 8300000, guid: 9b6bfd9036ed2c64ba5a2bba2c60616b, type: 3}
    - {fileID: 8300000, guid: 9a08fb7f3536da447b38ba7d0108022f, type: 3}
    - {fileID: 8300000, guid: 37a98500fe61ef949bd6597bdbfc3d1c, type: 3}
    - {fileID: 8300000, guid: 694dbb74a5bc4ff47805a26448775df1, type: 3}
    - {fileID: 8300000, guid: 5b28c6a4a38f2194ab4fa5441fb657fa, type: 3}
    - {fileID: 8300000, guid: f55cd66068b0ac342b791039f9e0aae5, type: 3}
    - {fileID: 8300000, guid: 0ea47e88c21ca6c42ba08075062e5545, type: 3}
    - {fileID: 8300000, guid: c9809e8e5e5bf7547b8609b22e9d1d9c, type: 3}
    - {fileID: 8300000, guid: 40630010b11a1944e816d3a725b9f192, type: 3}
    - {fileID: 8300000, guid: 509d83ac3bcf5a740b1cb486b8799d71, type: 3}
    - {fileID: 8300000, guid: f6b47ef2237708f43ad0a01b7e8a5873, type: 3}
    - {fileID: 8300000, guid: fc5b63886b25ae5418a61b07ffc33629, type: 3}
    - {fileID: 8300000, guid: 87393225208871341a7be85fbb70dbdd, type: 3}
    - {fileID: 8300000, guid: b7028e39bf8ec7e4188d9baa70735014, type: 3}
    - {fileID: 8300000, guid: 2aecbf12208b40a47b19ff6146f52b68, type: 3}
    - {fileID: 8300000, guid: 032fed10ee80bfa479bf21822065d6e0, type: 3}
    - {fileID: 8300000, guid: 21fa0fa0c2495ad41a946c98ca943a98, type: 3}
    - {fileID: 8300000, guid: f7e23eddbedeabb4eb4b0b27d89511c7, type: 3}
    - {fileID: 8300000, guid: 7c965db6a4608b646b495188b2754050, type: 3}
    - {fileID: 8300000, guid: 6e9120751c1512648ae1604eee0e0b0c, type: 3}
    - {fileID: 8300000, guid: 95ab5059e22fbcf479687ca63ec3baab, type: 3}
  - ClipType: 4
    Clips:
    - {fileID: 8300000, guid: 989058b854204d64ebdf84f55cc27b38, type: 3}
    - {fileID: 8300000, guid: 1e6d11ad854fd2b4fbc6dc81087370b6, type: 3}
    - {fileID: 8300000, guid: 37b5bfcdbe4f89247a7ce897e9b874aa, type: 3}
    - {fileID: 8300000, guid: 48d2ca84daae0ab448d4d31bc641d9e4, type: 3}
    - {fileID: 8300000, guid: 75cd2d5605e73ee4895df582da1aebb6, type: 3}
    - {fileID: 8300000, guid: 6726054e1467d2c43b8de37216158120, type: 3}
  - ClipType: 5
    Clips:
    - {fileID: 8300000, guid: 2ec0b9ad5cc2f544a8b67133465049f9, type: 3}
    - {fileID: 8300000, guid: 612e32055956ef245bf47ec96017d313, type: 3}
    - {fileID: 8300000, guid: cc907b48f67292241afc48237cdbe8e7, type: 3}
    - {fileID: 8300000, guid: 11fe467e153eea04aaa0bd480f101170, type: 3}
    - {fileID: 8300000, guid: 76a62bb8a3bc2ea47b2de0f0a8136c74, type: 3}
  - ClipType: 6
    Clips:
    - {fileID: 8300000, guid: 57d1fbd8feb33054cb0e2016918b8224, type: 3}
    - {fileID: 8300000, guid: 1ced589d5c0efd3478607f5853e1ed64, type: 3}
    - {fileID: 8300000, guid: 2d8553f500def5a48a073b650f6eb2d1, type: 3}
    - {fileID: 8300000, guid: 33bcc6e73e6f8af4abc7b629cb461ff7, type: 3}
    - {fileID: 8300000, guid: 57de8964e00de284dbe8c29c6357a92c, type: 3}
  - ClipType: 7
    Clips:
    - {fileID: 8300000, guid: d27a3d95758483347be05ddbcede245c, type: 3}
    - {fileID: 8300000, guid: 7022934b4fafff744a5c50744abb057e, type: 3}
    - {fileID: 8300000, guid: 3390958470d9fb34eb2126afab8ccc24, type: 3}
    - {fileID: 8300000, guid: 7767302aa74f7ff489edb617a9550285, type: 3}
